%YAML 1.1
%TAG !u! tag:unity3d.com,2011:
--- !u!1 &1646298779376208661
GameObject:
  m_ObjectHideFlags: 0
  m_CorrespondingSourceObject: {fileID: 0}
  m_PrefabInstance: {fileID: 0}
  m_PrefabAsset: {fileID: 0}
  serializedVersion: 6
  m_Component:
  - component: {fileID: 2220670741305131321}
  - component: {fileID: 6534736915659021498}
  - component: {fileID: 4285758248132664692}
  - component: {fileID: 3399051782808820677}
  m_Layer: 0
  m_Name: Ground7
  m_TagString: Untagged
  m_Icon: {fileID: 0}
  m_NavMeshLayer: 0
  m_StaticEditorFlags: 0
  m_IsActive: 1
--- !u!4 &2220670741305131321
Transform:
  m_ObjectHideFlags: 0
  m_CorrespondingSourceObject: {fileID: 0}
  m_PrefabInstance: {fileID: 0}
  m_PrefabAsset: {fileID: 0}
  m_GameObject: {fileID: 1646298779376208661}
  m_LocalRotation: {x: 0, y: 0, z: 0, w: 1}
  m_LocalPosition: {x: 0, y: 0, z: 0}
  m_LocalScale: {x: 15, y: 1, z: 100}
  m_Children:
  - {fileID: 443529247903800733}
  - {fileID: 427189756058849838}
  - {fileID: 3743481360374037543}
  m_Father: {fileID: 0}
  m_RootOrder: 0
  m_LocalEulerAnglesHint: {x: 0, y: 0, z: 0}
--- !u!33 &6534736915659021498
MeshFilter:
  m_ObjectHideFlags: 0
  m_CorrespondingSourceObject: {fileID: 0}
  m_PrefabInstance: {fileID: 0}
  m_PrefabAsset: {fileID: 0}
  m_GameObject: {fileID: 1646298779376208661}
  m_Mesh: {fileID: 10202, guid: 0000000000000000e000000000000000, type: 0}
--- !u!23 &4285758248132664692
MeshRenderer:
  m_ObjectHideFlags: 0
  m_CorrespondingSourceObject: {fileID: 0}
  m_PrefabInstance: {fileID: 0}
  m_PrefabAsset: {fileID: 0}
  m_GameObject: {fileID: 1646298779376208661}
  m_Enabled: 1
  m_CastShadows: 1
  m_ReceiveShadows: 1
  m_DynamicOccludee: 1
  m_MotionVectors: 1
  m_LightProbeUsage: 1
  m_ReflectionProbeUsage: 1
  m_RayTracingMode: 2
  m_RenderingLayerMask: 1
  m_RendererPriority: 0
  m_Materials:
  - {fileID: 2100000, guid: 5586557a04f73bb4395603c2ce4c6134, type: 2}
  m_StaticBatchInfo:
    firstSubMesh: 0
    subMeshCount: 0
  m_StaticBatchRoot: {fileID: 0}
  m_ProbeAnchor: {fileID: 0}
  m_LightProbeVolumeOverride: {fileID: 0}
  m_ScaleInLightmap: 1
  m_ReceiveGI: 1
  m_PreserveUVs: 0
  m_IgnoreNormalsForChartDetection: 0
  m_ImportantGI: 0
  m_StitchLightmapSeams: 1
  m_SelectedEditorRenderState: 3
  m_MinimumChartSize: 4
  m_AutoUVMaxDistance: 0.5
  m_AutoUVMaxAngle: 89
  m_LightmapParameters: {fileID: 0}
  m_SortingLayerID: 0
  m_SortingLayer: 0
  m_SortingOrder: 0
--- !u!65 &3399051782808820677
BoxCollider:
  m_ObjectHideFlags: 0
  m_CorrespondingSourceObject: {fileID: 0}
  m_PrefabInstance: {fileID: 0}
  m_PrefabAsset: {fileID: 0}
  m_GameObject: {fileID: 1646298779376208661}
  m_Material: {fileID: 13400000, guid: 75bfc260ac2777744b9e44a6b17c02d9, type: 2}
  m_IsTrigger: 0
  m_Enabled: 1
  serializedVersion: 2
  m_Size: {x: 1, y: 1, z: 1}
  m_Center: {x: 0, y: 0, z: 0}
--- !u!1001 &706562707059082920
PrefabInstance:
  m_ObjectHideFlags: 0
  serializedVersion: 2
  m_Modification:
    m_TransformParent: {fileID: 2220670741305131321}
    m_Modifications:
    - target: {fileID: 1146602102748273461, guid: 93e66aeeb3285064a94bb98a9ea88e0d,
        type: 3}
      propertyPath: m_LocalPosition.x
      value: -0.32376108
      objectReference: {fileID: 0}
    - target: {fileID: 1146602102748273461, guid: 93e66aeeb3285064a94bb98a9ea88e0d,
        type: 3}
      propertyPath: m_LocalPosition.y
      value: 1.5
      objectReference: {fileID: 0}
    - target: {fileID: 1146602102748273461, guid: 93e66aeeb3285064a94bb98a9ea88e0d,
        type: 3}
      propertyPath: m_LocalPosition.z
      value: 0.29999998
      objectReference: {fileID: 0}
    - target: {fileID: 1146602102748273461, guid: 93e66aeeb3285064a94bb98a9ea88e0d,
        type: 3}
      propertyPath: m_LocalRotation.x
      value: -0
      objectReference: {fileID: 0}
    - target: {fileID: 1146602102748273461, guid: 93e66aeeb3285064a94bb98a9ea88e0d,
        type: 3}
      propertyPath: m_LocalRotation.y
      value: -0
      objectReference: {fileID: 0}
    - target: {fileID: 1146602102748273461, guid: 93e66aeeb3285064a94bb98a9ea88e0d,
        type: 3}
      propertyPath: m_LocalRotation.z
      value: -0
      objectReference: {fileID: 0}
    - target: {fileID: 1146602102748273461, guid: 93e66aeeb3285064a94bb98a9ea88e0d,
        type: 3}
      propertyPath: m_LocalRotation.w
      value: 1
      objectReference: {fileID: 0}
    - target: {fileID: 1146602102748273461, guid: 93e66aeeb3285064a94bb98a9ea88e0d,
        type: 3}
      propertyPath: m_RootOrder
      value: 0
      objectReference: {fileID: 0}
    - target: {fileID: 1146602102748273461, guid: 93e66aeeb3285064a94bb98a9ea88e0d,
        type: 3}
      propertyPath: m_LocalEulerAnglesHint.x
      value: 0
      objectReference: {fileID: 0}
    - target: {fileID: 1146602102748273461, guid: 93e66aeeb3285064a94bb98a9ea88e0d,
        type: 3}
      propertyPath: m_LocalEulerAnglesHint.y
      value: 0
      objectReference: {fileID: 0}
    - target: {fileID: 1146602102748273461, guid: 93e66aeeb3285064a94bb98a9ea88e0d,
        type: 3}
      propertyPath: m_LocalEulerAnglesHint.z
      value: 0
      objectReference: {fileID: 0}
    - target: {fileID: 1146602102748273461, guid: 93e66aeeb3285064a94bb98a9ea88e0d,
        type: 3}
      propertyPath: m_LocalScale.x
      value: 0.33333334
      objectReference: {fileID: 0}
    - target: {fileID: 1146602102748273461, guid: 93e66aeeb3285064a94bb98a9ea88e0d,
        type: 3}
      propertyPath: m_LocalScale.z
      value: 0.25
      objectReference: {fileID: 0}
    - target: {fileID: 2095576798718059629, guid: 93e66aeeb3285064a94bb98a9ea88e0d,
        type: 3}
      propertyPath: m_Name
      value: Obstacle3 (1)
      objectReference: {fileID: 0}
    m_RemovedComponents: []
  m_SourcePrefab: {fileID: 100100000, guid: 93e66aeeb3285064a94bb98a9ea88e0d, type: 3}
--- !u!4 &443529247903800733 stripped
Transform:
  m_CorrespondingSourceObject: {fileID: 1146602102748273461, guid: 93e66aeeb3285064a94bb98a9ea88e0d,
    type: 3}
  m_PrefabInstance: {fileID: 706562707059082920}
  m_PrefabAsset: {fileID: 0}
--- !u!1001 &721739602789140763
PrefabInstance:
  m_ObjectHideFlags: 0
  serializedVersion: 2
  m_Modification:
    m_TransformParent: {fileID: 2220670741305131321}
    m_Modifications:
    - target: {fileID: 1146602102748273461, guid: 93e66aeeb3285064a94bb98a9ea88e0d,
        type: 3}
      propertyPath: m_LocalPosition.x
      value: 0.33333334
      objectReference: {fileID: 0}
    - target: {fileID: 1146602102748273461, guid: 93e66aeeb3285064a94bb98a9ea88e0d,
        type: 3}
      propertyPath: m_LocalPosition.y
      value: 1.5
      objectReference: {fileID: 0}
    - target: {fileID: 1146602102748273461, guid: 93e66aeeb3285064a94bb98a9ea88e0d,
        type: 3}
      propertyPath: m_LocalPosition.z
      value: 0
      objectReference: {fileID: 0}
    - target: {fileID: 1146602102748273461, guid: 93e66aeeb3285064a94bb98a9ea88e0d,
        type: 3}
      propertyPath: m_LocalRotation.x
      value: -0
      objectReference: {fileID: 0}
    - target: {fileID: 1146602102748273461, guid: 93e66aeeb3285064a94bb98a9ea88e0d,
        type: 3}
      propertyPath: m_LocalRotation.y
      value: -0
      objectReference: {fileID: 0}
    - target: {fileID: 1146602102748273461, guid: 93e66aeeb3285064a94bb98a9ea88e0d,
        type: 3}
      propertyPath: m_LocalRotation.z
      value: -0
      objectReference: {fileID: 0}
    - target: {fileID: 1146602102748273461, guid: 93e66aeeb3285064a94bb98a9ea88e0d,
        type: 3}
      propertyPath: m_LocalRotation.w
      value: 1
      objectReference: {fileID: 0}
    - target: {fileID: 1146602102748273461, guid: 93e66aeeb3285064a94bb98a9ea88e0d,
        type: 3}
      propertyPath: m_RootOrder
      value: 1
      objectReference: {fileID: 0}
    - target: {fileID: 1146602102748273461, guid: 93e66aeeb3285064a94bb98a9ea88e0d,
        type: 3}
      propertyPath: m_LocalEulerAnglesHint.x
      value: 0
      objectReference: {fileID: 0}
    - target: {fileID: 1146602102748273461, guid: 93e66aeeb3285064a94bb98a9ea88e0d,
        type: 3}
      propertyPath: m_LocalEulerAnglesHint.y
      value: 0
      objectReference: {fileID: 0}
    - target: {fileID: 1146602102748273461, guid: 93e66aeeb3285064a94bb98a9ea88e0d,
        type: 3}
      propertyPath: m_LocalEulerAnglesHint.z
      value: 0
      objectReference: {fileID: 0}
    - target: {fileID: 1146602102748273461, guid: 93e66aeeb3285064a94bb98a9ea88e0d,
        type: 3}
      propertyPath: m_LocalScale.x
      value: 0.33333334
      objectReference: {fileID: 0}
    - target: {fileID: 1146602102748273461, guid: 93e66aeeb3285064a94bb98a9ea88e0d,
        type: 3}
      propertyPath: m_LocalScale.z
      value: 0.25
      objectReference: {fileID: 0}
    - target: {fileID: 2095576798718059629, guid: 93e66aeeb3285064a94bb98a9ea88e0d,
        type: 3}
      propertyPath: m_Name
      value: Obstacle3
      objectReference: {fileID: 0}
    m_RemovedComponents: []
  m_SourcePrefab: {fileID: 100100000, guid: 93e66aeeb3285064a94bb98a9ea88e0d, type: 3}
--- !u!4 &427189756058849838 stripped
Transform:
  m_CorrespondingSourceObject: {fileID: 1146602102748273461, guid: 93e66aeeb3285064a94bb98a9ea88e0d,
    type: 3}
  m_PrefabInstance: {fileID: 721739602789140763}
  m_PrefabAsset: {fileID: 0}
--- !u!1001 &4330783884009875218
PrefabInstance:
  m_ObjectHideFlags: 0
  serializedVersion: 2
  m_Modification:
    m_TransformParent: {fileID: 2220670741305131321}
    m_Modifications:
    - target: {fileID: 1146602102748273461, guid: 93e66aeeb3285064a94bb98a9ea88e0d,
        type: 3}
      propertyPath: m_LocalPosition.x
      value: -0.36835793
      objectReference: {fileID: 0}
    - target: {fileID: 1146602102748273461, guid: 93e66aeeb3285064a94bb98a9ea88e0d,
        type: 3}
      propertyPath: m_LocalPosition.y
      value: 1.5
      objectReference: {fileID: 0}
    - target: {fileID: 1146602102748273461, guid: 93e66aeeb3285064a94bb98a9ea88e0d,
        type: 3}
      propertyPath: m_LocalPosition.z
      value: -0.29999998
      objectReference: {fileID: 0}
    - target: {fileID: 1146602102748273461, guid: 93e66aeeb3285064a94bb98a9ea88e0d,
        type: 3}
      propertyPath: m_LocalRotation.x
      value: -0
      objectReference: {fileID: 0}
    - target: {fileID: 1146602102748273461, guid: 93e66aeeb3285064a94bb98a9ea88e0d,
        type: 3}
      propertyPath: m_LocalRotation.y
      value: -0
      objectReference: {fileID: 0}
    - target: {fileID: 1146602102748273461, guid: 93e66aeeb3285064a94bb98a9ea88e0d,
        type: 3}
      propertyPath: m_LocalRotation.z
      value: -0
      objectReference: {fileID: 0}
    - target: {fileID: 1146602102748273461, guid: 93e66aeeb3285064a94bb98a9ea88e0d,
        type: 3}
      propertyPath: m_LocalRotation.w
      value: 1
      objectReference: {fileID: 0}
    - target: {fileID: 1146602102748273461, guid: 93e66aeeb3285064a94bb98a9ea88e0d,
        type: 3}
      propertyPath: m_RootOrder
      value: 2
      objectReference: {fileID: 0}
    - target: {fileID: 1146602102748273461, guid: 93e66aeeb3285064a94bb98a9ea88e0d,
        type: 3}
      propertyPath: m_LocalEulerAnglesHint.x
      value: 0
      objectReference: {fileID: 0}
    - target: {fileID: 1146602102748273461, guid: 93e66aeeb3285064a94bb98a9ea88e0d,
        type: 3}
      propertyPath: m_LocalEulerAnglesHint.y
      value: 0
      objectReference: {fileID: 0}
    - target: {fileID: 1146602102748273461, guid: 93e66aeeb3285064a94bb98a9ea88e0d,
        type: 3}
      propertyPath: m_LocalEulerAnglesHint.z
      value: 0
      objectReference: {fileID: 0}
    - target: {fileID: 1146602102748273461, guid: 93e66aeeb3285064a94bb98a9ea88e0d,
        type: 3}
      propertyPath: m_LocalScale.x
      value: 0.33333334
      objectReference: {fileID: 0}
    - target: {fileID: 1146602102748273461, guid: 93e66aeeb3285064a94bb98a9ea88e0d,
        type: 3}
      propertyPath: m_LocalScale.z
      value: 0.25
      objectReference: {fileID: 0}
    - target: {fileID: 2095576798718059629, guid: 93e66aeeb3285064a94bb98a9ea88e0d,
        type: 3}
      propertyPath: m_Name
      value: Obstacle3 (2)
      objectReference: {fileID: 0}
    m_RemovedComponents: []
  m_SourcePrefab: {fileID: 100100000, guid: 93e66aeeb3285064a94bb98a9ea88e0d, type: 3}
--- !u!4 &3743481360374037543 stripped
Transform:
  m_CorrespondingSourceObject: {fileID: 1146602102748273461, guid: 93e66aeeb3285064a94bb98a9ea88e0d,
    type: 3}
  m_PrefabInstance: {fileID: 4330783884009875218}
  m_PrefabAsset: {fileID: 0}
